@book{mohri2012foundations,
	title={Foundations of machine learning},
	author={Mohri, Mehryar and Rostamizadeh, Afshin and Talwalkar, Ameet},
	year={2012},
	publisher={MIT press}
}

@misc{Mushroom,
	title = {Mushroom Data Set },
	howpublished = {\url{https://archive.ics.uci.edu/ml/datasets/Mushroom}},
	note = {Accessed: 2018-01-30}
}

@misc{bank,
	title = {
	Bank Marketing Data Set },
	howpublished = {\url{https://archive.ics.uci.edu/ml/datasets/Bank+Marketing}},
	note = {Accessed: 2018-01-30}
}


@misc{decisionTree,
	title = {
	Mushrooms and decision trees },
	howpublished = {\url{http://drorata.github.io/posts/2017/Mar/31/mushrooms-and-decision-trees/index.html}},
	note = {Accessed: 2018-01-30}
}

@misc{boost,
	title = {
	adaboost },
	howpublished = {\url{http://scikit-learn.org/stable/modules/generated/sklearn.ensemble.AdaBoostClassifier.html}},
	note = {Accessed: 2018-01-30}
}

@misc{neural,
	title = {
	NEURAL NETWORK},
	howpublished = {\url{https://www.solver.com/xlminer/help/neural-networks-classification-intro}},
	note = {Accessed: 2018-01-30}
}


@misc{nn,
	title = {
	Nearest Neighbors},
	howpublished = {\url{http://scikit-learn.org/stable/modules/neighbors.html}},
	note = {Accessed: 2018-01-30}
}